<record><leader>00000cas a2200000 a 4500</leader><controlfield tag="001">10884658</controlfield><controlfield tag="008">840626d19151948ksuwr ne      0   a0eng d</controlfield><datafield ind1=" " ind2=" " tag="010"><subfield code="a">sn 84029350 </subfield></datafield><datafield ind1=" " ind2=" " tag="040"><subfield code="a">KSH</subfield><subfield code="b">eng</subfield><subfield code="c">KSH</subfield><subfield code="d">NPT</subfield><subfield code="d">OCL</subfield><subfield code="d">OCLCQ</subfield></datafield><datafield ind1=" " ind2=" " tag="042"><subfield code="a">msc</subfield></datafield><datafield ind1="0" ind2="4" tag="245"><subfield code="a">The Jennings gazette.</subfield></datafield><datafield ind1=" " ind2=" " tag="260"><subfield code="a">Jennings, Kan. :</subfield><subfield code="b">[Forrest Glass],</subfield><subfield code="c">1915-</subfield></datafield><datafield ind1=" " ind2=" " tag="300"><subfield code="a">v. :</subfield><subfield code="b">ill. ;</subfield><subfield code="c">55-60 cm.</subfield></datafield><datafield ind1=" " ind2=" " tag="310"><subfield code="a">Weekly</subfield></datafield><datafield ind1="0" ind2=" " tag="362"><subfield code="a">Vol. 28, no. 18 (Nov. 4, 1915)-</subfield></datafield><datafield ind1="1" ind2=" " tag="362"><subfield code="a">Ceased with May 13, 1948 issue?</subfield></datafield><datafield ind1=" " ind2=" " tag="500"><subfield code="a">Publisher varies.</subfield></datafield><datafield ind1=" " ind2=" " tag="500"><subfield code="a">Independent. Cf. Ayer, 1944.</subfield></datafield><datafield ind1=" " ind2=" " tag="515"><subfield code="a">Beginning Aug. 29, 1946 weekly numbering was stopped, used vol. no. only; vol. no. ceased with Dec. 18, 1947 issue.</subfield></datafield><datafield ind1=" " ind2=" " tag="752"><subfield code="a">United States</subfield><subfield code="b">Kansas</subfield><subfield code="c">Decatur</subfield><subfield code="d">Jennings.</subfield></datafield><datafield ind1="0" ind2="0" tag="780"><subfield code="t">Jennings echo</subfield><subfield code="w">(DLC)sn 84029349</subfield></datafield></record>